
@online{latex_wikibook,
    author = {LaTeX Project},
    title = {LaTeX Wikibook},
    year = {2022},
    url = {https://en.wikibooks.org/wiki/LaTeX},
    urldate = {2024-02-18}
}


@article{watson53,
    author = "Watson, James and Crick, Francis",
    title = "Molecular structure of nucleic acids",
    journal = "Nature",
    year = "1953",
    number = "4356",
    pages = "737-738",
    volume = "171",
    note = "Notas opcionales"
}

@book{chacon2014pro,
  title={Pro git},
  author={Chacon, Scott and Straub, Ben},
  year={2014},
  publisher={Apress}
}

@online{jiradocs,
  title        = {Use advanced search with Jira Query Language (JQL)},
  author       = {Atlassian},
  howpublished = {\url{https://support.atlassian.com/jira-service-management-cloud/docs/use-advanced-search-with-jira-query-language-jql/}},
  note         = {Accessed: 2024-03-30}
}